
@book{Friedberg1989,
    author     = {Stephen H.~Friedberg, Arnold J.~Insel, Lawrence E.~Spence},
    title      = {Linear algebra},
    publisher  = {Prentice Hall},
    address    = {Englewood Cliffs, New Jersey 07632},
    edition    = {2nd},
    year       = {1989}
}

@book{Hoffman1971,
    author     = {Kenneth Hoffman and Ray Kunze},
    title      = {Linear algebra},
    publisher  = {Prentice Hall},
    address    = {Englewood Cliffs, New Jersey},
    edition    = {2nd},
    year       = {1971}
}

@book{Jacobson1953,
    author     = {Nathan Jacobson},
    title      = {Lectures in abstract algebra: II. linear algebra},
    publisher  = {Springer New York},
    address    = {New York, New York},
    edition    = {1st},
    year       = {1953}
}

@book{Silverman2019,
	author     = {Joseph H.~Silverman},
    title      = {A Friendly Introduction to Number Theory},
    publisher  = {Pearson India Education Services Pvt.~Ltd},
    address    = {Uttar Pradesh, India},
    edition    = {4th},
    year       = {2019}
}

@mastersthesis{Patterson2008,
		author   = {Donald Patterson},
		title    = {Linear cellular automata},
		school   = {Acadia University},
		year     = {2008},
		keywords = {LCA, cellular automata, cellular automaton, dynamics, mathematics, maths, modular arithmetic},
		type     = {Bachelor's thesis}
}

@article{Mendivil2012,
    author   = {Franklin Mendivil and Donald Patterson},
    title    = {Dynamics of finite linear cellular automata over \textbackslash z{N}},
    journal  = {Rocky Mountain Journal of Mathematics},
    volume   = {42},
    number   = {2},
    pages    = {695--709},
    year     = {2012},
    DOI      = {https://doi.org/10.1216/RMJ-2012-42-2-695},
    keywords = {LCA, cellular automata, cellular automaton, dynamics, mathematics, maths, modular arithmetic},
}

@phdthesis{Dow1996,
    author    = {Rory Alisdair Dow},
    title     = {Algebraic Methods for Finite Linear Cellular Automata},
    year      = {1996},
	publisher = {University of London},
	school    = {University of London},
}

@article{Olsavsky2003,
    author   = {Gregor Olšavský},
    title    = {The Number of 2 by 2 Matrices over Z/p Z with Eigenvalues in the Same Field},
    journal  = {Mathematics Magazine},
    volume   = {76},
    number   = {4},
    pages    = {314--317},
    year     = {2003},
    DOI      = {https://doi.org/10.2307/3219091},
}

@MISC{Gaillard2011,
    title = {A square matrix has the same minimal polynomial over its base field as it has over an extension field},
    author = {Pierre-Yves Gaillard},
	note = {User URL \texttt{https://math.stackexchange.com/users/660/pierre-yves-gaillard}},
    howpublished = {Mathematics Stack Exchange},
    eprint = {https://math.stackexchange.com/q/66925},
    url = {https://math.stackexchange.com/q/66925},
	year = {2011}
}

@MISC{Dan2013,
    title = {Minimal polynomial is invariant under field extensions},
    author = {Dan},
	note = {User URL \texttt{https://math.stackexchange.com/users/79007/dan}},
    howpublished = {Mathematics Stack Exchange},
    eprint = {https://math.stackexchange.com/q/578573},
    url = {https://math.stackexchange.com/q/578573},
	year = {2013}
}

@misc{enwiki:PID,
    author = "{Wikipedia contributors}",
    title  = {Principal ideal domain --- {Wikipedia}{,} The Free Encyclopedia},
    year   = {2023},
	url    = {https://en.wikipedia.org/w/index.php?title=Principal \\ \textunderscore ideal\textunderscore domain\&oldid=1162814392},
	note   = {[Online; accessed 1-August-2023]},
}
  