
@article{Patterson2008,
		author   = {Donald Patterson},
		title    = {Linear cellular automata},
		year     = {2008},
		keywords = {LCA, cellular automata, cellular automaton, dynamics, mathematics, maths, modular arithmetic},
}

@article{Mendivil2012,
    author   = {Franklin Mendivil and Donald Patterson},
    title    = {Dynamics of finite linear cellular automata over \textbackslash z{N}},
    journal  = {Rocky Mountain Journal of Mathematics},
    volume   = {42},
    number   = {2},
    pages    = {695--709},
    year     = {2012},
    DOI      = {https://doi.org/10.1216/RMJ-2012-42-2-695},
    keywords = {LCA, cellular automata, cellular automaton, dynamics, mathematics, maths, modular arithmetic},
}

@article{Strong2022maximal,
	author = {Zach Strong},
	title  = {Finding vectors with maximal cycle length within modules},
	year   = {2022},
	keywords = {LCA, cellular automata, cellular automaton, dynamics, mathematics, maths, modular arithmetic},
}

@article{Strong2022core,
	author = {Zach Strong},
	title  = {Exploring matrix cores within prime-powered modules},
	year   = {2022},
	keywords = {LCA, cellular automata, cellular automaton, dynamics, mathematics, maths, modular arithmetic},
}